@Misc{Grinstein2002InformationVisualizationVisual,
  author       = {Grinstein, Georges and Keim, Daniel and Ward, Matthew},
  howpublished = {IEEE Visualization Course \#1 Notes},
  month        = oct,
  title        = {Information visualization, visual data mining, and its application to drug design},
  year         = {2002},
  url          = {http://vis.computer.org/vis2002/program/tutorials/tutorial_01_abstract.html},
}

@Article{Isenberg2017Vispubdata.orgMetadataCollection,
  author  = {Isenberg, Petra and Heimerl, Florian and Koch, Steffen and Isenberg, Tobias and Xu, Panpan and Stolper, Chad and Sedlmair, Michael and Chen, Jian and M{\"o}ller, Torsten and Stasko, John},
  journal = {IEEE Transactions on Visualization and Computer Graphics},
  title   = {{vispubdata.org}: a metadata collection about {IEEE} visualization ({VIS}) publications},
  year    = {2017},
  volume  = {23},
  doi     = {10.1109/TVCG.2016.2615308},
  series  = {TVCG},
}

@MastersThesis{Kindlmann1999SemiAutomaticGeneration,
  author  = {Kindlmann, Gordon},
  school  = {Cornell University},
  title   = {Semi-automatic generation of transfer functions for direct volume rendering},
  year    = {1999},
  address = {USA},
  url     = {http://www.graphics.cornell.edu/pubs/1999/Kin99.html},
}

@Manual{Kitware2003VisualizationToolkitUsers,
  title  = {{The Visualization Toolkit} user's guide},
  author = {{Kitware, Inc.}},
  month  = jan,
  year   = {2003},
  url    = {http://www.kitware.com/publications/item/view/1269},
}

@PhdThesis{Levoy1989DisplaySurfacesVolume,
  author  = {Levoy, Marc},
  school  = {University of North Carolina at Chapel Hill},
  title   = {Display of surfaces from volume data},
  year    = {1989},
  address = {USA},
  url     = {http://www.cs.unc.edu/techreports/89-022.pdf},
}

@Article{Lorensen1987MarchingCubesHigh,
  author  = {Lorensen, William E. and Cline, Harvey E.},
  journal = {SIGGRAPH Computer Graphics},
  title   = {{M}arching {C}ubes: A high resolution {3D} surface construction algorithm},
  year    = {1987},
  month   = aug,  
  number  = {4},
  pages   = {163--169},
  volume  = {21},
  doi     = {10.1145/37402.37422},
}

@Article{Max1995OpticalModelsDirect,
  author  = {Max, Nelson},
  journal = {IEEE Transactions on Visualization and Computer Graphics},
  title   = {Optical models for direct volume rendering},
  year    = {1995},
  month   = jun,
  number  = {2},
  pages   = {99--108},
  volume  = {1},
  doi     = {10.1109/2945.468400},
  series  = {TVCG},
}

@InProceedings{Nielson1991AsymptoticDeciderRemoving,
  author    = {Nielson, Gregory M. and Hamann, Bernd},
  booktitle = {Proc.\ Visualization},
  title     = {The asymptotic decider: removing the ambiguity in marching cubes},
  year      = {1991},
  pages     = {83--91},
  series    = {VIS},
  doi       = {10.1109/VISUAL.1991.175782},
}

@Book{Ware2004InformationVisualizationPerception,
  author    = {Ware, Colin},
  publisher = {Morgan Kaufmann Publishers Inc.},
  title     = {Information visualization: perception for design},
  year      = {2004},
  address   = {San Francisco},
  edition   = {2\textsuperscript{nd}},
  doi       = {10.1016/B978-155860819-1/50001-7},
}

@Article{Wyvill1986DataStructureSoft,
  author  = {Wyvill, Geoff and McPheeters, Craig and Wyvill, Brian},
  journal = {The Visual Computer},
  title   = {Data structure for \emph{soft} objects},
  year    = {1986},
  month   = aug,
  number  = {4},
  pages   = {227--234},
  volume  = {2},
  doi     = {10.1007/BF01900346},
}

@InProceedings{Panavas2022JuvenileGraphicalPerception,
  author    = {Panavas, Liudas and Worth, Amy E. and Crnovrsanin, Tarik and Sathyamurthi, Tejas and Cordes, Sara and Borkin, Michelle A. and Dunne, Cody},
  booktitle = {Proc. 2022 CHI Conference on Human Factors in Computing Systems},
  title     = {Juvenile graphical perception: A comparison between children and adults},
  year      = {2022},
  series    = {CHI},
  articleno = {138},
  doi       = {10.1145/3491102.3501893},
  numpages  = {14},
}

@Comment{jabref-meta: databaseType:bibtex;}
